<?xml version="1.0" encoding="UTF-8"?><collection xmlns="http://www.loc.gov/MARC21/slim"><record><leader>00332nam--2200121-i-4500</leader><controlfield tag="001">000024829</controlfield><controlfield tag="002">20161230</controlfield><controlfield tag="005">20170103223240</controlfield><controlfield tag="008">060222s1000------------r-----000-0-eng-d</controlfield><datafield ind1=" " ind2=" " tag="080"><subfield code="a">061.62(430):53:001.891</subfield></datafield><datafield ind1=" " ind2=" " tag="245"><subfield code="a">Julich, forschungszentrum, 1992</subfield><subfield code="b">Jahresbericht. Annual Report: 1992</subfield></datafield><datafield ind1=" " ind2=" " tag="852"><subfield code="a">72225</subfield></datafield><datafield ind1=" " ind2=" " tag="CAT"><subfield code="a">SYS</subfield><subfield code="c">20170103</subfield><subfield code="h">223240</subfield></datafield></record></collection>